<?xml version="1.0" encoding="UTF-8"?><record xmlns="http://www.loc.gov/MARC21/slim" xmlns:cinclude="http://apache.org/cocoon/include/1.0" xmlns:zs="http://www.loc.gov/zing/srw/">
  <leader>00363nz  a2200121n  4500</leader>
  <controlfield tag="001">n 2003049042</controlfield>
  <controlfield tag="003">DLC</controlfield>
  <controlfield tag="005">20030827143501.0</controlfield>
  <controlfield tag="008">030827n| acannaabn          |n aaa      </controlfield>
  <datafield tag="010" ind1=" " ind2=" ">
    <subfield code="a">n 2003049042</subfield>
  </datafield>
  <datafield tag="040" ind1=" " ind2=" ">
    <subfield code="a">DLC</subfield>
    <subfield code="b">eng</subfield>
    <subfield code="c">DLC</subfield>
  </datafield>
  <datafield tag="100" ind1="1" ind2=" ">
    <subfield code="a">Birgel, Franz,</subfield>
    <subfield code="d">1949-</subfield>
  </datafield>
  <datafield tag="670" ind1=" " ind2=" ">
    <subfield code="a">Doris DoĚrrie, German filmmaker and author, 2004:</subfield>
    <subfield code="b">ECIP t.p. (Franz Birgel) data sheet (b. 2/17/49)</subfield>
  </datafield>
</record>